
@article{OnayDurdu2022,
	author = {Pınar Onay Durdu and Ömer Naci Soydemir},
	doi = {10.4018/978-1-7998-7848-3.CH004:},
	journal = {App and Website Accessibility Developments and Compliance Strategies },
	pages = {77-108},
	title = {A Systematic Review of Web Accessibility Metrics},
	url = {http://services.igi-global.com/resolvedoi/resolve.aspx?doi=10.4018/978-1-7998-7848-3.ch004},
	year = {2022},
}

@article{Arya2022,
	author = {Vikas Arya and Justin Paul and Deepa Sethi},
	doi = {10.1111/IJCS.12763},
	issn = {1470-6431},
	issue = {4},
	journal = {International Journal of Consumer Studies},
	keywords = {artificial neural network,based brand equity,brand attachment,brand communication,brand created content,consumer,social networking sites,user generated content},
	month = {7},
	pages = {1381-1398},
	publisher = {John Wiley & Sons, Ltd},
	title = {Like it or not! Brand communication on social networking sites triggers consumer-based brand equity},
	volume = {46},
	url = {https://onlinelibrary.wiley.com/doi/full/10.1111/ijcs.12763 https://onlinelibrary.wiley.com/doi/abs/10.1111/ijcs.12763 https://onlinelibrary.wiley.com/doi/10.1111/ijcs.12763},
	year = {2022},
}

@article{AlGhurair2021,
	author = {Noura Al Ghurair and Ghada Alnaqi and Iyad Abu Doush},
	doi = {10.36909/JER.V9I2.9201},
	issn = {2307-1885},
	issue = {2},
	journal = {Journal of Engineering Research},
	keywords = {Augmentative and alternative communication,Language impairment,Picture-based communication,Stakeholder co-design approach,Usability study,User-centered design},
	month = {5},
	pages = {106-123},
	publisher = {University of Kuwait},
	title = {An AAC tablet application for children with language impairment},
	volume = {9},
	url = {https://kuwaitjournals.org/jer/index.php/JER/article/view/9201},
	year = {2021},
}
@article{Ali2012,
	author = {Firkhan Ali Bin Hamid Ali and Said Mohamed Aydah},
	doi = {10.1016/j.sbspro.2012.09.1154},
	issn = {18770428},
	journal = {Procedia - Social and Behavioral Sciences},
	month = {10},
	pages = {33-39},
	publisher = {Elsevier BV},
	title = {Development of Prototype Chat System Using Mobile Platform for Disable People},
	volume = {57},
	year = {2012},
}
@inproceedings{Alsaif2017,
	author = {Amal Alsaif and Njoud Albadrani and Ashwag Alamro and Reham Alsaif},
	doi = {10.1109/ICIHT.2017.7899133},
	isbn = {9781467387651},
	journal = {2017 International Conference on Informatics, Health and Technology, ICIHT 2017},
	keywords = {Arabic NLP,Arabic TTS,Arabic communication corpus,speech synthesizer,word prediction},
	month = {4},
	publisher = {Institute of Electrical and Electronics Engineers Inc.},
	title = {Towards intelligent Arabic text-to-speech application for disabled people},
	year = {2017},
}
@article{Amaral2022,
	author = {Larissa Mangolim Amaral and Fábio Levy Siqueira and Anarosa Alves Franco Brandão},
	doi = {10.1145/3477314.3507253},
	isbn = {9781450387132},
	journal = {Proceedings of the ACM Symposium on Applied Computing},
	keywords = {metamodel,ontology,requirements language,requirements notation,survey},
	month = {4},
	pages = {1291-1298},
	publisher = {Association for Computing Machinery},
	title = {A survey on requirements notations in software engineering research},
	url = {https://doi.org/10.1145/3477314.3507253},
	year = {2022},
}
@inproceedings{Arooj2020,
	author = {Safa Arooj and Shaban Zulfiqar and Muhammad Qasim Hunain and Suleman Shahid and Asim Karim},
	city = {New York},
	doi = {10.1145/3373625.3417009},
	isbn = {9781450371032},
	journal = {ASSETS 2020 - 22nd International ACM SIGACCESS Conference on Computers and Accessibility},
	keywords = {Assistive Debugging,LaTeX,Math,Text to Speech},
	month = {10},
	pages = {1-6},
	publisher = {Association for Computing Machinery (ACM)},
	title = {Web-ALAP: A Web-based LaTeX Editor for Blind Individuals},
	year = {2020},
}
@article{Broccia2020,
	author = {Giovanna Broccia and Marco Manca and Fabio Paternò and Francesca Pulina},
	doi = {10.1145/3397871},
	issn = {25730142},
	issue = {EICS},
	journal = {Proceedings of the ACM on Human-Computer Interaction},
	keywords = {accessibility,automatic validation,guidelines,tailored presentation of validation results},
	month = {6},
	pages = {1-24},
	publisher = {Association for Computing Machinery},
	title = {Flexible Automatic Support for Web Accessibility Validation},
	volume = {4},
	year = {2020},
}
@article{Ciuffoletti2019,
	author = {Augusto Ciuffoletti},
	doi = {10.3390/FI11040101},
	issn = {1999-5903},
	issue = {4},
	journal = {Future Internet 2019, Vol. 11, Page 101},
	keywords = {Arduino,Cloud PaaS,ECG acquisition,ESP8266,WebSocket,diagnostic ECG,non},
	month = {4},
	pages = {101},
	publisher = {Multidisciplinary Digital Publishing Institute},
	title = {Design of an Open Remote Electrocardiogram (ECG) Service},
	volume = {11},
	url = {https://www.mdpi.com/1999-5903/11/4/101/htm https://www.mdpi.com/1999-5903/11/4/101},
	year = {2019},
}
@article{DominguezVila2018,
	author = {Trinidad Domínguez Vila and Elisa Alén González and Simon Darcy},
	doi = {10.1080/09638288.2017.1362709},
	issn = {14645165},
	issue = {24},
	journal = {Disability and Rehabilitation},
	keywords = {Accessible tourism,WCAG 2.0,tourism management,travel planning,web accessibility},
	pages = {2895-2906},
	pmid = {28793789},
	title = {Website accessibility in the tourism industry: an analysis of official national tourism organization websites around the world},
	volume = {40},
	year = {2018},
}
@article{Dwivedi2022,
	author = {Atul Kumar Dwivedi and Deepali Virmani and Anusuya Ramasamy and Purnendu Bikash Acharjee and Mohit Tiwari},
	doi = {10.36909/JER.ICMET.17161},
	issn = {2307-1885},
	journal = {Journal of Engineering Research},
	keywords = {Artificial Intelligence,Machine learning platform,Regression analysis Correlation analysis,Speech recognition},
	month = {4},
	publisher = {University of Kuwait},
	title = {Modelling and analysis of artificial intelligence approaches in enhancing the speech recognition for effective multi-functional machine learning platform – A multi regression modelling approach},
	volume = {10},
	url = {https://kuwaitjournals.org/jer/index.php/JER/article/view/17161},
	year = {2022},
}
@article{Elallaoui2018,
	author = {Meryem Elallaoui and Khalid Nafil and Raja Touahni},
	doi = {10.1016/J.PROCS.2018.04.010},
	issn = {1877-0509},
	journal = {Procedia Computer Science},
	keywords = {MDA,NLP,UML,Use Case,User Stories},
	month = {1},
	pages = {42-49},
	publisher = {Elsevier},
	title = {Automatic Transformation of User Stories into UML Use Case Diagrams using NLP Techniques},
	volume = {130},
	year = {2018},
}
@web_page{Gonzalez2021,
	author = {Sheila González},
	journal = {audifono.es},
	month = {5},
	title = {Mejores Apps para Personas Sordas [Ranking 2022]},
	url = {https://blog.audifono.es/aplicaciones-perdida-auditiva/},
	year = {2021},
}
@article{Greco2020,
	author = {Alessandro Greco},
	doi = {10.4995/ege.2020.14072},
	issn = {1888-8143},
	issue = {12},
	journal = {EGE-Expresión Gráfica en la Edificación},
	pages = {18},
	title = {Social Sustainability: From Accessibility to Inclusive Design},
	year = {2020},
}
@article{Gupta2020,
	author = {Yash Gupta and Himanshu Dewan and Alka Leekha},
	doi = {10.1080/09720510.2020.1714154},
	issn = {0972-0510},
	issue = {1},
	journal = {https://doi.org/10.1080/09720510.2020.1714154},
	keywords = {AJAX Requests,Data Transfer,HTTP Requests,Latency,Memory utilization,Network Bandwidth,Primary 93A30,Secondary 49K15,Web Socket},
	month = {1},
	pages = {125-134},
	publisher = {Taylor & Francis},
	title = {Real-time monitoring using AJAX and WebSockets},
	volume = {23},
	url = {https://www.tandfonline.com/doi/abs/10.1080/09720510.2020.1714154},
	year = {2020},
}
@inproceedings{Lee2020,
	author = {Hae Na Lee and Sami Uddin and Vikas Ashok},
	city = {New York},
	doi = {10.1145/3373625.3417030},
	isbn = {9781450371032},
	journal = {ASSETS 2020 - 22nd International ACM SIGACCESS Conference on Computers and Accessibility},
	keywords = {low vision,screen magnifier,usability,web accessibility},
	month = {10},
	pages = {1-12},
	publisher = {Association for Computing Machinery (ACM)},
	title = {TableView: Enabling Efficient Access to Web Data Records for Screen-Magnifier Users},
	year = {2020},
}
@inproceedings{Lister2020,
	author = {Kate Lister and Tim Coughlan and Francisco Iniesto and Nick Freear and Peter Devine},
	city = {New York},
	doi = {10.1145/3371300.3383343},
	isbn = {9781450370561},
	journal = {Proceedings of the 17th International Web for All Conference, W4A 2020},
	keywords = {AI,accessibility,chatbots,conversational user interfaces,virtual assistants},
	month = {4},
	pages = {1-11},
	publisher = {Association for Computing Machinery, Inc},
	title = {Accessible conversational user interfaces: Considerations for design},
	year = {2020},
}
@article{Lorca2018,
	author = {Pedro Lorca and Javier De Andrés and Ana B. Martínez},
	doi = {10.1177/0894439317710435},
	issn = {15528286},
	issue = {3},
	journal = {Social Science Computer Review},
	keywords = {cultural factors,social factors,universities,web accessibility,web quality content},
	month = {6},
	pages = {311-330},
	publisher = {SAGE Publications Inc.},
	title = {The Relationship Between Web Content and Web Accessibility at Universities: The Influence of Social and Cultural Factors},
	volume = {36},
	year = {2018},
}
@web_page{Lozano2016,
	author = {Angel Lozano},
	month = {2},
	title = {Requisitos vs Casos de uso vs Historias de Usuario.},
	url = {http://www.angellozano.com/requisitos-del-sistema-vs-casos-uso-vs-historias-usuario/},
	year = {2016},
}
@article{Lyall2016,
	author = {F. C. Lyall and P. J. Clamp and D. Hajioff},
	doi = {10.1017/S0022215115003151},
	issn = {17485460},
	issue = {1},
	journal = {Journal of Laryngology and Otology},
	keywords = {Cell Phones,Cochlear Implantation,Communication AIDS for Disabled,Communication Methods,Persons With Hearing Impairments,Postoperative Care,Speech Recognition Software,Total,Writing},
	month = {1},
	pages = {104-106},
	pmid = {26611260},
	publisher = {Cambridge University Press},
	title = {Smartphone speech-to-text applications for communication with profoundly deaf patients},
	volume = {130},
	year = {2016},
}
@inproceedings{Magdalinou2020,
	author = {Andriana Magdalinou and John Mantas},
	doi = {10.3233/SHTI200411},
	isbn = {9781643680828},
	issn = {18798365},
	journal = {Studies in Health Technology and Informatics},
	keywords = {Accessibility,Disability,Website},
	month = {6},
	pages = {1299-1300},
	pmid = {32570628},
	publisher = {IOS Press},
	title = {Greek hospitals web accesibility},
	volume = {270},
	year = {2020},
}
@article{Marco2022,
	author = {Pacurariu Marco and Marius Marcu},
	doi = {10.1109/SAMI54271.2022.9780780},
	isbn = {9781665497046},
	journal = {SAMI 2022 - IEEE 20th Jubilee World Symposium on Applied Machine Intelligence and Informatics, Proceedings},
	keywords = {Hibernate,JDBC,architecture,database,layers,objects,persistence},
	pages = {261-266},
	publisher = {Institute of Electrical and Electronics Engineers Inc.},
	title = {Impact of the persistence layer on performance and architecture for a Java web application},
	year = {2022},
}
@article{Meadows2017,
	author = {Maureen Meadows and Matthijs Kouw},
	doi = {10.1145/3046429},
	issn = {15583449},
	issue = {2},
	journal = {Interactions},
	month = {3},
	pages = {52-56},
	publisher = {Association for Computing Machinery},
	title = {Future-making: Inclusive design and smart cities},
	volume = {24},
	year = {2017},
}
@inproceedings{Morris2018,
	author = {Meredith Ringel Morris and Jazette Johnson and Cynthia L. Bennett and Edward Cutrell},
	city = {New York},
	doi = {10.1145/3173574.3173633},
	isbn = {9781450356206},
	journal = {Conference on Human Factors in Computing Systems - Proceedings},
	keywords = {Accessibility,Alt text,Alternative text,Blindness,Captions,Screen readers,Visual impairment},
	month = {4},
	pages = {1-11},
	publisher = {Association for Computing Machinery},
	title = {Rich representations of visual content for Screen reader users},
	volume = {2018-April},
	year = {2018},
}
@article{Obeidat2021,
	author = {Bushra Obeidat and Bsmah Bany Muhammad},
	doi = {10.36909/JER.V9I3A.10529},
	issn = {2307-1885},
	issue = {3A},
	journal = {Journal of Engineering Research},
	keywords = {Co-working spaces,Open plan office design,Spatial and social analysis,Teamwork,Visibility},
	month = {8},
	pages = {1-13},
	publisher = {University of Kuwait},
	title = {A Study of Communication Ties Among Team Members in Work Environments},
	volume = {9},
	url = {https://kuwaitjournals.org/jer/index.php/JER/article/view/10529},
	year = {2021},
}
@article{Pascual2015,
	author = {Afra Pascual and Mireia Ribera and Toni Granollers},
	doi = {10.15446/dyna.v82n193.53499},
	issn = {00127353},
	issue = {193},
	journal = {DYNA (Colombia)},
	keywords = {Accessible content,Barriers,Communicability,Deaf users,Hearing impairment,User test,WCAG 2.0,Web accessibility},
	month = {10},
	pages = {233-240},
	publisher = {Universidad Nacional de Colombia},
	title = {Impact of web accessibility barriers on users with a hearing impairment},
	volume = {82},
	year = {2015},
}
@inproceedings{Pelzetter2020,
	author = {Jens Pelzetter},
	city = {New York},
	doi = {10.1145/3371300.3383339},
	isbn = {9781450370561},
	journal = {Proceedings of the 17th International Web for All Conference, W4A 2020},
	keywords = {ACT rules,WCAG,accessibility},
	month = {4},
	pages = {1-10},
	publisher = {Association for Computing Machinery, Inc},
	title = {A declarative model for accessibility requirements},
	year = {2020},
}
@book{Pereira2010,
	author = {Javier Pereira},
	doi = {10.4018/978-1-60566-206-0},
	isbn = {9781605662060},
	journal = {Handbook of Research on Personal Autonomy Technologies and Disability Informatics},
	pages = {1-439},
	publisher = {IGI Global},
	title = {Handbook of research on personal autonomy technologies and disability informatics},
	year = {2010},
}
@article{Sala2020,
	author = {Aritz Sala and Myriam Arrue and J. Eduardo Pérez and Sandra M. Espín-Tello},
	doi = {10.1145/3441497.3441499},
	issn = {1558-2337},
	issue = {128},
	journal = {ACM SIGACCESS Accessibility and Computing},
	month = {12},
	pages = {1-10},
	title = {Towards less complex e-government services for people with low vision},
	year = {2020},
}
@web_page{ScrumORG2019,
	author = {Scrum.org and Age of Product},
	journal = {The Home f Scrum},
	pages = {1-77},
	title = {2019 Scrum Master Trends Report},
	url = {https://www.scrum.org/resources/2019-scrum-master-trends-report},
	year = {2019},
}
@article{Shadiev2014,
	author = {Rustam Shadiev and Wu-Yuin Hwang and Yueh-Min Huang},
	doi = {10.3366/ijhac.2014.0106},
	issn = {1753-8548},
	issue = {supplement},
	journal = {International Journal of Humanities and Arts Computing},
	month = {3},
	pages = {179-189},
	publisher = {Edinburgh University Press},
	title = {Investigating Applications of Speech-to-Text Recognition to Assist Learning in Online and Traditional Classrooms},
	volume = {8},
	year = {2014},
}
@article{Shawar2015,
	author = {Bayan Abu Shawar},
	doi = {10.3991/ijet.v10i4.4518},
	issn = {18630383},
	issue = {4},
	journal = {International Journal of Emerging Technologies in Learning},
	keywords = {E-learning,WAI,WCAG,Wave tool,Website accessibility},
	pages = {4-10},
	publisher = {Kassel University Press GmbH},
	title = {Evaluating web accessibility of educational websites},
	volume = {10},
	year = {2015},
}
@article{Spurrier2022,
	author = {Gary Spurrier and Heikki Topi},
	doi = {10.17705/1CAIS.05108},
	issn = {1529-3181},
	issue = {1},
	journal = {Communications of the Association for Information Systems},
	keywords = {IS Education.,Requirements Specification,Use Cases,User Stories},
	month = {8},
	pages = {15},
	publisher = {Association for Information Systems},
	title = {Synergistically Employing User Stories and Use Cases in the Practice and Teaching of Systems Analysis and Design},
	volume = {51},
	url = {https://aisel.aisnet.org/cais/vol51/iss1/15},
	year = {2022},
}
@web_page{W3C2022,
	author = {W3C},
	journal = {Web Accessibility Initiative},
	title = {Web Accessibility Initiative (WAI)},
	url = {https://www.w3.org/WAI/},
	year = {2022},
}
@article{Wahbi2016,
	author = {Israa Wahbi and A. Heider and M. Izzat and N. Mohammed},
	doi = {10.14569/ijacsa.2016.070716},
	issn = {2158107X},
	issue = {7},
	journal = {International Journal of Advanced Computer Science and Applications},
	pages = {113-122},
	title = {Evaluating Web Accessibility Metrics for Jordanian Universities},
	volume = {7},
	year = {2016},
}
@article{Wang2017,
	author = {Kai Wang and Daisuke Iwai and Kosuke Sato},
	doi = {10.1109/ACCESS.2017.2711058},
	issn = {21693536},
	journal = {IEEE Access},
	keywords = {Augmented human,hand tremor,keyboard challenged,optical see-through mixed reality,virtual stabilization},
	pages = {10700-10708},
	publisher = {Institute of Electrical and Electronics Engineers Inc.},
	title = {Supporting Trembling Hand Typing Using Optical See-Through Mixed Reality},
	volume = {5},
	url = {https://ieeexplore.ieee.org/document/7941993},
	year = {2017},
}
@article{WCAG202012,
	author = {WCAG 2.0},
	issue = {December},
	journal = {Web Accessibility Initiative},
	pages = {1-29},
	title = {Web Content Accessibility Guidelines (WCAG) Overview},
	url = {http://www.w3.org/WAI/intro/wcag},
	year = {2012},
}
@article{Rising2000,
	author = {Linda Rising and Norman S. Janoff},
	doi = {10.1109/52.854065},
	issn = {07407459},
	issue = {4},
	journal = {IEEE Software},
	month = {7},
	pages = {26-32},
	title = {Scrum software development process for small teams},
	volume = {17},
	year = {2000},
}
@article{Zhou2022,
	author = {Kangle Zhou},
	doi = {10.1007/978-981-19-4132-0_153},
	isbn = {10.1007/9789811},
	keywords = {J2EE,MVC design mode,Servlet},
	pages = {1122-1127},
	publisher = {Springer, Singapore},
	title = {Research and Implementation of MVC Design Pattern on J2EE Platform},
	url = {https://link.springer.com/chapter/10.1007/978-981-19-4132-0_153},
	year = {2022},
}

@inproceedings{10.1145/3371300.3383339,
	author = {Pelzetter, Jens},
	title = {A Declarative Model for Accessibility Requirements},
	year = {2020},
	isbn = {9781450370561},
	publisher = {Association for Computing Machinery},
	address = {New York, NY, USA},
	url = {https://doi.org/10.1145/3371300.3383339},
	doi = {10.1145/3371300.3383339},
	booktitle = {Proceedings of the 17th International Web for All Conference},
	articleno = {4},
	numpages = {10},
	keywords = {ACT rules, WCAG, accessibility},
	location = {Taipei, Taiwan},
	series = {W4A '20}
}

@book_section{Yu2011,
	author = {Holly Yu},
	doi = {10.4018/978-1-59140-107-0.ch001},
	journal = {Design and Implementation of Web-Enabled Teaching Tools},
	month = {5},
	pages = {1-24},
	publisher = {IGI Global},
	title = {Web Accessibility and the Law},
	year = {2011},
}
@article{Schwaber2011,
	author = {Ken Schwaber and Jeff Sutherland},
	issue = {19},
	journal = {Acrum Allience},
	title = {The scrum guide},
	volume = {21},
	year = {2011},
}
@mastersthesis{Arora-Jonsson1687809,
	author = {Arora-Jonsson, Sebastian and Bj{\"o}rkman, Leo},
	institution = {KTH, School of Industrial Engineering and Management (ITM)},
	pages = {66},
	school = {KTH, School of Industrial Engineering and Management (ITM)},
	school = {KTH, School of Industrial Engineering and Management (ITM)},
	title = {How Motivating Factors and Political Vision affect Car-free Initiatives : A study of Stockholm and Oslo},
	series = {TRITA-ITM-EX},
	number = {2022:245},
	keywords = {car-free, car free, car-lite, car-light, car-free city, pedestrian street, multi-level perspective, MLP, transition, Bilfritt Byliv, the Car-free Livability Programme, Living Stockholm, bilfri, bilfria städer, sommargågator, MLP, multi-level perspective, Levande Stockholm, Bilfritt Byliv},
	year = {2022}
}
