@web_page{phovh,
	author = {Pan American Health Organization},
	title = {Visual Health - OPS/OMS},
	url = {https://www.paho.org/es/temas/salud-visual},
}
